01194617Artem
saidloveu
ks7580
PtnXdkm222
Radja123
tats1303
banzai66
zatangel
13773364161
pinkysoup
megacomplexen
jazzencyclopedieën
RENE@
katsuma211
competitievervolg
sushmita143
brosilow
aminor5
0802537960
5994812
3ZD566W8
VerjaardagIn
dafford2392iv2392
habohabo
AusJonas
ljayisthegreat
carolmyluv
perk100600
MARINA14
5003913035
06kky03
HANCHEY
kauchi
jirkalol
l1979all
9876543a
18416899
,blahk
bigdogy9
september0405
vietnam0017
alex01!
185324dave
yrpcf8
stu23484
serpent5
6221478
circolo64
kv11590
Abgar
rtkprr
asin82
steyr556
josefcasiple
166djb
kris81
75813u6951218l057bl5
buffalo06
efthimimovie
yoxall7
igotguap
galvan1
tanssineen
w101085
01010715love
ontlezingstheorie
ekkzo
florin@22
09061108C
eenwen
lapute71
bouchés
siaokia
baoxin0928
flynhgh73
blackzrose24
711217
blf012489
zirali
488443w
ethany2
pool09876
557368
DELIASIK
21291988
m701112002
qwerty751
891013lczx
flinces
standaardwerkplekomgeving
macel1228
essental
VAkiezer
018121442
weggeefartikelen
k.tolo69
028949253
657513
chrislp2
xxjr120
110805k
jan021983
028041782
JELLYROLL
heycbreezybabii
mb1938
ILOVEYOUBOB
rkazimee82
Kai Davies
7282401587
uitgeefzaakjes
chipstafel
prehisto
89090147904
ksu406408644
arjaninge1
suzanne15987
ouralienne
66311366
stepvin
cyb0r1985
wshs2010
68912191lodestar
liliymari
opgezettebever
=p6fkr^]l;ylfbN
janine72
0896500948
Colori
wwwvegalifenl
tuna-fish
Hansiegate
2mde42u4j
leermethodieken
flotterait
Dagbladkaboutertjes
blitzoperatie
Lizjin
ireland5111
chapparral
1981SvE
chrisblncicci61
salvador38
eni 142
81VcBP1IftKQM
Synthesiomyia
xokennyxo
brieffatsoen
cities/systems
Bella808
Thiyagarajan
pmsgarea
epilepsies
39b64c34
g33k2enz
Ayaantje
NESSIE13
7411177
hittevorming
sexyshanice
kecz
00mapa
q1123as01ca1
eingemu"ndeter
red96racer
aicelle16
19640919
coniugibus
sananas1
yakimeshi
9VYnqL
embeky
9/11mike
pastorizah
cialiserais
grilss
03039403
2311817
caspar44
bateaux
Kavvadias
754205
homiciero
zanezane1
ilaview
cbsangel
0803081391
komposteringsproces
dsadsa123
23july1989
jennakrier
expectaremus
1gnaR
mikiti
colibri12
dik6nike
Bilanzsumme
Rommeaanse
15021938
arman01
disprovers
7688e995
VCS11
5008931
salutin
TYLERCUTE12
Karweisite
CECE1636
Westtour
Trombose1955
Yuchen
2397666
lizandycesar(mama)
RE-xxx
MUZWESS
AM signal
thrs
cemocan1986
Cahill814
JJ9GCGz8
89krabbeln12
democratieles
m931272
0894106638
kenari292
camlove9
1589693
maple93
june041969
transportpolitiemensen
noqonepu
edhardy6060
vyznacnym
rbhjcbrjkb
stuff2
tipsy69
onderwerpstudievaardigheden
4ous5@%$
Kapelstraat
jamanota
BILLYJOE8
0850047768
anneta!
8yoapscbze
wVwzxzwz
p2cv8751
pkn3kn00
oRkztrE
Preservalg
soypipe
cinWin3p
d44e55m90n
LAEEYX
91054100
agpquMMM6
128tiff2
bugle=
tyleyah1
sire23
w_carolina
UpRaiser
FUNNY!
pjwmlr
5878ncs
idcqazwsx!@#$
n_%_x^@
incise`rent
h93qp7mS
AeroWing17
Nazizeit
pooka143
encyclopaeia202
jonjcdc
59805981810
pellucides
nain2012
irish231
199847
emixammaxime
dvoustrann
natashacarew
helga1966
yasin5000
fizarie4eva
kiinnipitaeviae
derefence
prime111777
1qhorse
Trouwbijlage
83774652
c3liorshay
voorlopi
laton0122
stadsbegrenzing
mood860812
Jp5uegg49S
beunamigo1
candynazi14
Kastajeplein
automanagement
apek14
Gremlin/Sega
cybelanne
garantieprijzen
46114611
aeyonc3
zafir1702
SEANTE1
819824520
kalan13
jakobmason
butterfly117
Screamteam
3A654P1
TAIORO12
adoys
uoluereque
thom99
plqywo
nosvw
hoanino1
prosociaalgedrag
CARLOZHA2X
actueelzijn
enumeravi
ghosts1981
nrsynetheden
Geadephaga
alesanasimpleplan
kaunela
Vakantiedealsbe
3271712,
Luegerei
44410152210
mister333
Luijtgaarden
Cheaters!
11101902
bigrail1
skeetz11
déictiques
Hak1343
KIMBERLY
1qww579s1
bmotre410
guimauve888
putangionamo
symaryqi
cat.321
palalia2
hotbitchs
metrication
rico1984
azner
NCRVuitzending
24112001o
VWgolf@15
3Carudders1
winterhuis
cayenne8
M!(@#$
r3wn8upZ6V
nishoba
boekhoudtrucje
andrewshannon08
jalaas
pt687jp6
cntrygrl27
cheadle722909
eine_dattelpalme
c4t63b
9100850
3244Na
1015lincoln
mamata
aquinog
chiqui72
0818588459
curatorship
Guidion
ykD28v
XGKbI9O
kukak
regz0`3
rollheiland
fLgetacdir
pecure
tickle62
milanpeter
Sitaramstraat
627250
loula94
baringin1
9uipDKiG
palisa
25025120
alleraanzienlijksten
smje201
byzazozu
62969
cqzhty750216
georgia29
898966
24367456
layari
wojtovicz
Hayden08
scion1984
milo1974
rosepine
andre1f
19734628
jalgas84
Chelsea3
jacksonamor
l7qk6zji42t
wwwcomunecorcianoit
telesnym
telex1991
jacksonista
943wq6j
11tony
1301533
italiaan3
ermogen
0825387188
p123c4nv455
usc41591
macroth
bobbymedina
xytasyha
18benypg
09203554540
lefty123
biotarwe
serra14701
member of the bar
theehoekje
vriendenHij
Iruña
1991jaguar
duif1948
youahoe1
Flinkevleugel
DXao
gsavutu
steel-die printing
sazyfylo
elquererespoder
swingbabyeah
ktsgirl1
rozutci
ilovecodie123
Muhitdinova
501novisad
natus1
ccnnll
d2x11vhlmz
Voorradige
tweewielers
carramate
LLJunior
niÃ±ocesar
laringologa
0831503201
veqacexo
TAZZ18
madelyn09
xoxgeexox
famaranda
rassemblerai
hunnyma14
d34r-g0d
joseyjoanette.18
0895947144
natnatnat0
tikibar1
tgetij54
aqua70HO
vinsvian
jjv8bvwa
m442
nine973fish522
muttie
1m38017c
mickey1441
up63c255
Sorten
jye2527
stp23v
abgegriffene
trainerinsabbatsjaar
moggs22
Beijaard
dendrofielen
Fa3O24n0TVKvpaWQm61G
2911truebeliever
pe197rl
daddysdarling
4realion
obbieee
469966
HEYBOER
mao2504atc
Gosail123
Binhoodtrainer
hetaanstormende
weipeterpark
wives910
dejagregg
3137279066
nomismes
geco315
loveec
0239635486
solosam3
Al@chazam
ept07
à¸£à¹à¸³à¸™à¸·à¸ªà¸£à¸·à¸³à¸œà¸Ÿà¸Ÿà¸—à¸Ÿà¸²
jordannna
jo0124el
taf066
nawtyboyz
rossemery
brasnaper
isabella07
2512252
LEROYANGELIQU
herendienst
dawndawn10
pishquow
culesanja75!
CGGDEMMFLASH
jereda99
yamina4
wsl19870708
bathory6
zosias
11thRetu
bedevaartsplaat
joshandy2
tolgaaglot66
juteuse
sonyericssonk770
elmajico
sec51
bhb242
hupfalderistische
httpwwwonecaribbeanorgcaribbeansustainabletourismawards
cauley7
markelle12
sertyo
fibrillosus
ilioaiapetruta
Sorto
98899889alii
k7m9zk7m9z
elchulo20
Sisleycampagnes
wetgevingcontracten
ma020955
délacerai
cannabisdossier
RITIM-L
rehdf23
FhMVdeCMKLDx.
vintayen
zottsaganak
hif4747
quintris
dezerteru
johnjudith
3183ry
wimloomans
r78d72
editor29
r5ilse
alynna02
phillipede
twine-toned
nieograniczonosc
tojo20
dreambig69
STIPEND
teperguntou
ziekenhuiswagens
stg@2002
WEALTH
Sakic18
anela777
lilqua11
mimimcgirr
organizador
zomerpoldegebied
subaozhi
ZAGS
se'rieuses
srv25071976
bhmmm
johan0560
leopard2a6
MyTomorrows
55438598
Jljiva
DfoQg3P
20030819
k9NBdljg
accross
sous-exploiterais
skm_terem1996
hainaux
mannencultuurtje
iamaposer
heybai1
12hoo
Koperkopers
Reykjavic
MOKKEDEM
dasani213
BSChE
winstverschuivingen
XNDIGSYH
draconus10
dexzafun
Airlinesruzie
atnaS
marktavis
yupiik
merlins08
iwantyourlove
Hannibal
wolves-2005
kaartengek
JUNE2019?
indien240997
schedelhoogte
atingereata
certec63
wru3377
kijkbuisje
leef!2010
mediaplatformen
VgnvL2Fd
fljetoner
71sy45wz
manbeast85
zhenglei
haistakakka!
7185722j
yanyufupi2
Makjevsky
gezichttotgezicht
wereldverzekeraar
fute's
draakjw
h00dfu1
polofeesten
medabots
01142002
14223127
412137
Childlessness
stokwoud
avemia
modano0
oliver22006
jerusalem rata
traulicheres
dfh157w
48159300
istackptr
manaremus
goedkoopedb
4mueXj8P
4079231686
cutty1
mcvey1
chachou01150
Vinexvrouw
neobtocice
n4505inu5i7i5
2inos4u2
bbocnbc
BONDIR
pamlenyi3
jawxetax
pharmabe
firubenito
negotiate a peace
you bet your boots
1117jlg
expotrailer
kafeta
luvyehunners
v8k1XXFY
abc20415
nickmax1
madalinadol
sxcjord
kambochica
Ontroeren
toonhoogtemanipulatie
urzastea69
witvoeten
HONDA0511
nongfraiy71237
Tranquil
rolemili
ssc503
dodgecharger18
ilovedomokun224
yoshida2
philippo
VJVVLADY
wietzoldertje
1212o5
sxcfowl
exercitieplaats
qazwsxedcrfv1990
lela1
gain your ends
5ch3p31
conlan1
58135809701
m06d12JK
philippe7533
Kerkennaheilanden
coneldedo
dabrenda
dvfxz8kow
HANAA81
hatred2u*
R4wsTUWw
Trouwdag
jbjb8
Rina16
wimax142
kyle091084
284978
robb020406
leonreichel
X9MXKTfYq3xd
200310976
afflues
gager3
Geoff1
star shifter
nevyzdvihovani
erzu"rnenden
Ruisch-M-164
9purple
Schunko
chinrungrueng
aniconica
geïmmatrikuleerd
marstomaten
jesterguy1324
solotu15
abril3148263887
481077262
mollynme1
lars8494
157595faof
19530227
ladygovs
Mpaula+6
hipilaÃ§ao
HAALBAAHEID
winbiz21
Wanderjahr
tab1982
quiros1022
click2cme
asdzxcqwe1
20978877
deRabbi
Schmeissfliegen
Icosgroep
JAVENJOSH
oceane!
0400mb71
JAVIELOV
blakertje
N1Q9VzqRBK
evanslimo16
T25489
glaucomes
vysaqaxu
hoqfut
erfelijkheidsdeskundige
kazibuzo
nongaumizaad
dragster11
Blatacha
bonita84
signaalsterktes
0895543187
xapyhypu
estupidohombre
sarimar24
zinnebeeldigheden
zumrat1968
162961
golly77
1tseuQ
Iceman
hongorzul
crbs
garias
swatch78
sim21paok
870428035263
tablademonstraties
SurinameRefrein
korelace
A3456789
xneusje!-94
10251121
0801195297
4232rj
cyrus161276
5432441sni
313c7120d3p05i7
mintman22890
ikandugong
re'plique'es
offshoreduikers
skneprogrammer
fisalecu
10177312in6n355
edna_ociel
wing-limed
sedky
good4tune
Nickwinkel
7999869
davoes20
ricanluv10
my2003rawka
120680n
grifle
042630cfif
BlowMe
su7182
tilsettinga
LADIII17
dydy4you
bass1069
341341833114
cytosezy
174023587
29019054
1197554
samdir174607
altovoltaje
ouMing758!
launicaenelmundo
Wliefhebbers
VALERIAA
wilaten
queen5335
Gritterformatie
grease03
rjcnz123
549917335
Barendrecht!
casino92d
Deondray14
Rijkswaterstaatin
52974099
12237889
pp2192002
kissing/dancing
sandia's
lor892
05101990a
enongonai
meditatiesessie
MacroEconomic
ssjsam1
Gamebedrijven
lulu/lulu
sleepy76
maddlove#1
wgaaca556
appelvariëteit
Beleggingsrecht
bosst017
229539
1hctal
35canadian35
vetmenger
nazir.
041612147
5BKcuNsH
v760102
alzv123
6jujur
5554442
uitleesformate
wintersportexpres
semesteravgiften
cedwards1st
Vora
demonziod86
ag.ent.rr.al.py
crown4
4400DQUC
overnemen
230PntQh
kkjusjus8
13137516825.
xazonica
communicatienetwerk
122490139
mememe349481
*ugur*nurcan*
manny0
30051997-
abbygb
ett12345
rev1630
leave1921
AlmeloEnschede
Schlosser
softdir
j572vbl
melidanoliva
kaasta
192527aaa
gissellabravo
BURLAP
AmeriBank
jacowitz
after123
47021237
kenno7
biholiqe
7BF8bujcyMQoXIMR
9035064099
coolspace
sukasiji
lorcovecs
taylor2123
qseasmiuniverso
Poehler
C &W
eckist
stomatologickho
jopie0405
dl7077
Jacklane19
67802
kokkie46
waffledino123
09294730278
mashenka666
bhie29
544268
fourpence
116043351
vilovejc
breelee4
lamprei20
pauduro
malorolnictv
armeluisuitvoeringen
stinger11
ivetacuperova
1314520552
43121125
disksort
unin731212up7ib13n355
oc814829
MOJ6A1F2C3S4L9U
pijlbuis
byabyabya
onmarketer
setiadarmawan1
energietrend
rvlrio41
maranell411
nietoverheidspersoneel
tuwharerangi
vatreno
044651058
kotelezi
1308070126
immadancer93
rglheh3
1921vd
d1r2d3m4
de'lesterez
metspaloja
89Easter99
595888
00day5ad
emomayra
toonworld
yanmarlin
